@ARTICLE{leonardblier_2016,
    AUTHOR = {L\acute{e}onard Blier},
    TITLE = {{A Brief Report of the Heuritech Deep Learning Meetup}},
    URL = {https://blog.heuritech.com/2016/02/29/a-brief-report-of-the-heuritech-deep-learning-meetup-5/},
    MONTH = {Feb},
    YEAR = {2016},
    JOURNAL = {Heuritech Blog},
}
@ARTICLE{doi:10.1002/hbm.20560,
    AUTHOR = {Eckert, Mark A. AND Kamdar, Nirav V. AND Chang, Catherine E. AND Beckmann, Christian F. AND Greicius, Michael D. AND Menon, Vinod},
    TITLE = {{A Cross-Modal System Linking Primary Auditory and Visual Cortices: Evidence From Intrinsic fMRI Connectivity Analysis}},
    VOLUME = {29},
    NUMBER = {7},
    PAGES = {848-857},
    URL = {https://onlinelibrary.wiley.com/doi/abs/10.1002/hbm.20560},
    EPRINT = {https://onlinelibrary.wiley.com/doi/pdf/10.1002/hbm.20560},
    DOI = {10.1002/hbm.20560},
    KEYWORDS = {functional connectivity, cross-modal, multisensory, primary auditory cortex, primary visual cortex},
    MONTH = {Apr},
    YEAR = 2008,
    JOURNAL = {Human Brain Mapping},
}
@ARTICLE{DBLP:journals/corr/SimonyanZ14a,
    AUTHOR = {Karen Simonyan and
               Andrew Zisserman},
    TITLE = {{Very Deep Convolutional Networks for Large-Scale Image Recognition}},
    URL = {http://arxiv.org/abs/1409.1556},
    BIBSOURCE = {dblp computer science bibliography, https://dblp.org},
    BIBURL = {https://dblp.org/rec/bib/journals/corr/SimonyanZ14a},
    TIMESTAMP = {Mon, 13 Aug 2018 16:46:51 +0200},
    EPRINT = {1409.1556},
    ARCHIVEPREFIX = {arXiv},
    MONTH = {Apr},
    YEAR = {2014},
    JOURNAL = {Computing Research Repository},
}
@ARTICLE{ILSVRC15,
    AUTHOR = {Olga Russakovsky AND Jia Deng AND Hao Su AND Jonathan Krause AND Sanjeev Satheesh AND Sean Ma AND Zhiheng Huang AND Andrej Karpathy AND Aditya Khosla AND Michael Bernstein AND Alexander C. Berg AND Li Fei-Fei},
    TITLE = {{ImageNet Large Scale Visual Recognition Challenge}},
    VOLUME = {115},
    NUMBER = {3},
    PAGES = {211-252},
    DOI = {10.1007/s11263-015-0816-y},
    JOURNAL = {International Journal of Computer Vision (IJCV)},
    MONTH = {Dec},
    YEAR = {2015},
}
@INPROCEEDINGS{DBLP:conf/interspeech/CarlinTJH11,
    AUTHOR = {Michael A. Carlin and
               Samuel Thomas and
               Aren Jansen and
               Hynek Hermansky},
    TITLE = {{Rapid Evaluation of Speech Representations for Spoken Term Discovery}},
    PAGES = {821-824},
    URL = {http://www.isca-speech.org/archive/interspeech\_2011/i11\_0821.html},
    BIBSOURCE = {dblp computer science bibliography, https://dblp.org},
    BIBURL = {https://dblp.org/rec/bib/conf/interspeech/CarlinTJH11},
    TIMESTAMP = {Tue, 29 Jan 2013 12:31:17 +0100},
    CROSSREF = {DBLP:conf/interspeech/2011},
    MONTH = {Aug},
    YEAR = {2011},
    BOOKTITLE = {Proceedings of Interspeech 2011},
}
@INPROCEEDINGS{murray_2018,
    AUTHOR = {Murray, Naila},
    TITLE = {{Convolutional Models}},
    URL = {http://www.deeplearningindaba.com/uploads/1/0/2/6/102657286/dl_indaba_2018_convnets.pdf},
    MONTH = {Sep},
    YEAR = {2018},
    BOOKTITLE = {Deep Learning Indaba},
    PLACE = {Stellenbosch},
    PAGES = {5-44}
}
@INPROCEEDINGS{pmlr-v15-glorot11a,
    AUTHOR = {Xavier Glorot AND Antoine Bordes AND Yoshua Bengio},
    TITLE = {{Deep Sparse Rectifier Neural Networks}},
    BOOKTITLE = {Proceedings of Machine Learning Research},
    VOLUME = {15},
    PAGES = {315--323},
    PUBLISHER = {PMLR},
    URL = {http://proceedings.mlr.press/v15/glorot11a.html},
    PDF = {http://proceedings.mlr.press/v15/glorot11a/glorot11a.pdf},
    MONTH = {Apr},
    YEAR = {2011},
}
@MISC{frossard_2016,
    AUTHOR = {Frossard, Davi},
    EDITOR = {Urtasun, RaquelEditor},
    TITLE = {{VGG in TensorFlow}},
    PUBLISHER = {University of Toronto},
    URL = {https://www.cs.toronto.edu/~frossard/post/vgg16/},
    MONTH = {Jun},
    YEAR = {2016},
    JOURNAL = {VGG in TensorFlow},
}
@INPROCEEDINGS{kamper_elsner_jansen_goldwater_2015,
    AUTHOR = {Kamper, Herman AND Elsner, Micha AND Jansen, Aren AND Goldwater, Sharon},
    TITLE = {{Unsupervised Neural Network Based Feature Extraction Using Weak Top-Down Constraints}},
    MONTH = {Apr},
    YEAR = {2015},
    JOURNAL = {Speech Processing for Languages without Written Forms},
    PLACE = {Brisbane},
    BOOKTITLE = {Proceedings of the IEEE International Conference on Acoustics, Speech and Signal Processing (ICASSP)},
}
@ARTICLE{reliability,
    AUTHOR = {Wright, BD},
    TITLE = {{Reliability and Separation}},
    VOLUME = {9},
    NUMBER = {4},
    PAGES = {472},
    YEAR = {1996},
    JOURNAL = {Rasch Measurement Transactions},
}
@ARTICLE{gce,
    AUTHOR = {Aankul, Amulya},
    JOURNAL = "Towards Data Science",
    TITLE = {{Running Jupyter Notebook on Google Cloud Platform}},
    URL = {https://towardsdatascience.com/running-jupyter-notebook-in-google-cloud-platform-in-15-min-61e16da34d52},
    YEAR = "2018",
    MONTH = "October",
}
@PROCEEDINGS{DBLP:conf/interspeech/2011,
    TITLE = {{INTERSPEECH} 2011, 12th Annual Conference of the International Speech
               Communication Association, Florence, Italy, August 27-31, 2011},
    PUBLISHER = {{ISCA}},
    BIBSOURCE = {dblp computer science bibliography, https://dblp.org},
    BIBURL = {https://dblp.org/rec/bib/conf/interspeech/2011},
    TIMESTAMP = {Wed, 21 Dec 2011 21:33:26 +0100},
    YEAR = {2011},
}
@misc{ fayek_2016, title={{Speech Processing for Machine Learning: Filter banks, Mel-Frequency Cepstral Coefficients (MFCCs) and What's In-Between}}, url={https://haythamfayek.com/2016/04/21/speech-processing-for-machine-learning.html}, journal={Haytham Fayek}, publisher={Haytham Fayek}, author={ Fayek, Haytham}, year={2016}, month={Apr}}
